<record><leader>00000cas a2200000 a 4500</leader><controlfield tag="001">12812838</controlfield><controlfield tag="008">851118c19849999akuwr ne      0   a0eng c</controlfield><datafield ind1=" " ind2=" " tag="010"><subfield code="a">sn 93050516 </subfield></datafield><datafield ind1=" " ind2=" " tag="040"><subfield code="a">WIH</subfield><subfield code="b">eng</subfield><subfield code="c">WIH</subfield><subfield code="d">ANU</subfield><subfield code="d">ANE</subfield><subfield code="d">OCL</subfield><subfield code="d">OCLCQ</subfield><subfield code="d">NSD</subfield><subfield code="d">OCLCQ</subfield><subfield code="d">OCLCF</subfield><subfield code="d">OCLCO</subfield></datafield><datafield ind1=" " ind2=" " tag="012"><subfield code="l">1</subfield></datafield><datafield ind1="0" ind2=" " tag="022"><subfield code="a">1937-2183</subfield><subfield code="l">1937-2183</subfield><subfield code="2">1</subfield></datafield><datafield ind1="1" ind2=" " tag="029"><subfield code="a">AU@</subfield><subfield code="b">000041615091</subfield></datafield><datafield ind1=" " ind2=" " tag="037"><subfield code="b">Alaska Newspapers, Inc., 301 Calista Court, Ste. B, Anchorage, AK 99518</subfield></datafield><datafield ind1=" " ind2=" " tag="042"><subfield code="a">pcc</subfield><subfield code="a">nsdp</subfield></datafield><datafield ind1=" " ind2=" " tag="043"><subfield code="a">n-us-ak</subfield></datafield><datafield ind1="1" ind2="0" tag="050"><subfield code="a">ISSN RECORD</subfield></datafield><datafield ind1="1" ind2="0" tag="082"><subfield code="a">071</subfield><subfield code="2">14</subfield></datafield><datafield ind1="0" ind2=" " tag="130"><subfield code="a">Tundra drums (Bethel, Alaska : 1984)</subfield></datafield><datafield ind1=" " ind2="4" tag="222"><subfield code="a">The tundra drums</subfield><subfield code="b">(Bethel, Alaska. 1984)</subfield></datafield><datafield ind1="1" ind2="4" tag="245"><subfield code="a">The tundra drums.</subfield></datafield><datafield ind1=" " ind2=" " tag="260"><subfield code="a">Bethel, Alaska :</subfield><subfield code="b">Tundra Drums,</subfield><subfield code="c">1984-</subfield></datafield><datafield ind1=" " ind2=" " tag="300"><subfield code="a">v.</subfield></datafield><datafield ind1=" " ind2=" " tag="310"><subfield code="a">Weekly</subfield></datafield><datafield ind1="0" ind2=" " tag="362"><subfield code="a">Vol. 12, no. 25 (Sept. 20, 1984)-</subfield></datafield><datafield ind1=" " ind2=" " tag="500"><subfield code="a">Published: Anchorage : Alaska Newspapers, Inc., &lt;2007-&gt; ; The tundra drums, &lt;2011-&gt;</subfield></datafield><datafield ind1=" " ind2=" " tag="515"><subfield code="a">Vol. and issue numbering irregular.</subfield></datafield><datafield ind1=" " ind2=" " tag="588"><subfield code="a">Latest issue consulted: Vol. 35, no. 3 (Mar. 29, 2007).</subfield></datafield><datafield ind1=" " ind2="0" tag="651"><subfield code="a">Bethel (Alaska)</subfield><subfield code="v">Newspapers.</subfield></datafield><datafield ind1=" " ind2="7" tag="655"><subfield code="a">Newspapers.</subfield><subfield code="2">fast</subfield><subfield code="0">(OCoLC)fst01423814</subfield></datafield><datafield ind1=" " ind2="7" tag="651"><subfield code="a">Alaska</subfield><subfield code="z">Bethel.</subfield><subfield code="2">fast</subfield><subfield code="0">(OCoLC)fst01217116</subfield></datafield><datafield ind1=" " ind2=" " tag="752"><subfield code="a">United States</subfield><subfield code="b">Alaska</subfield><subfield code="d">Bethel.</subfield></datafield><datafield ind1="0" ind2="0" tag="780"><subfield code="t">Drums (Bethel, Alaska)</subfield><subfield code="w">(DLC)sn 95060079</subfield><subfield code="w">(OCoLC)11452171</subfield></datafield></record>